@misc {
    paparazzi_github,
    author = {{Paparazzi Team}},
    title = {{Paparazzi UAV -- Source Code}},
    publisher = {GitHub},
    howpublished = {\url{https://github.com/paparazzi/paparazzi}}
}

@misc {
    crazyflie_product_page,
    author = {{Bitcraze}},
    title = {{Crazyflie 2.1 Product Page}},
    publisher = {Bitcraze},
    howpublished = {\url{https://www.bitcraze.io/products/crazyflie-2-1/}}
}

@misc {
    loco_positioning_system,
    author = {{Bitcraze}},
    title = {{Loco Positioning System Overview}},
    publisher = {Bitcraze},
    howpublished = {\url{https://www.bitcraze.io/documentation/system/positioning/loco-positioning-system/}}
}

@misc {
    paparazzi_gcs,
    author = {{Paparazzi Team}},
    title = {{Paparazzi GCS}},
    publisher = {GitHub},
    howpublished = {\url{https://github.com/paparazzi/PprzGCS}}
}

@misc {
    paparazzi_crazyflie,
    author = {{Paparazzi Team}},
    title = {{Paparazzi Wiki -- Crazyflie 2.0/2.1}},
    publisher = {Paparazzi Team},
    howpublished = {\url{https://wiki.paparazziuav.org/wiki/Crazyflie_2.0}}
}

@misc {
    crazyflie_assembly_and_quickstart,
    author = {{Bitcraze}},
    title = {{Getting Started with the Crazyflie 2.X}},
    publisher = {Bitcraze},
    howpublished = {\url{https://www.bitcraze.io/documentation/tutorials/getting-started-with-crazyflie-2-x/}}
}

@misc {
    bitcraze_vm,
    author = {{Bitcraze}},
    title = {{Bitcraze Virtual Machine}},
    publisher = {GitHub},
    howpublished = {\url{https://github.com/bitcraze/bitcraze-vm}}
}

@misc {
    crazyradio_setup,
    author = {{Bitcraze}},
    title = {{Getting started with the Crazyradio 2.0}},
    publisher = {Bitcraze},
    howpublished = {\url{https://www.bitcraze.io/documentation/tutorials/getting-started-with-crazyradio-2-0/}}
}

@misc {
    crazyflie_firmware_upgrade,
    author = {{Bitcraze}},
    title = {{Crazyflie Client Guide -- Firmware Upgrade}},
    publisher = {Bitcraze},
    howpublished = {\url{https://www.bitcraze.io/documentation/repository/crazyflie-clients-python/master/userguides/userguide_client/#firmware-upgrade}}
}

@misc {
    paparazzi_center_install,
    author = {{Paparazzi Team}},
    title = {{Quick Install -- Paparazzi UAV ReadTheDocs}},
    publisher = {ReadTheDocs},
    howpublished = {\url{https://paparazzi-uav.readthedocs.io/en/latest/quickstart/install.html}}
}

@misc {
    paparazzi_scratch_install,
    author = {{Paparazzi Team}},
    title = {{Paparazzi Wiki -- Installation in Linux from scratch}},
    publisher = {Paparazzi Team},
    howpublished = {\url{https://wiki.paparazziuav.org/wiki/Installation/Linux}}
}

@misc {
    paparazzi_first_simulation,
    author = {{Paparazzi Team}},
    title = {{First Simulation -- Paparazzi UAV ReadTheDocs}},
    publisher = {ReadTheDocs},
    howpublished = {\url{https://paparazzi-uav.readthedocs.io/en/latest/quickstart/first_simulation.html}}
}

@misc {
    usb_permissions_crazyradio,
    author = {{Bitcraze}},
    title = {{USB Permissions for Crazyradio 2.0}},
    publisher = {Bitcraze},
    howpublished = {\url{https://www.bitcraze.io/documentation/repository/crazyflie-lib-python/master/installation/usb_permissions/}}
}

@misc {
    modules-paparazzi,
    author = {{Paparazzi Team}},
    title = {{Paparazzi Wiki -- Modules}},
    publisher = {Paparazzi Team},
    howpublished = {\url{https://wiki.paparazziuav.org/wiki/Modules}}
}

@misc {
    crazyflie-firmware-fix,
    author = {{Paparazzi Team}},
    title = {{Fix for Crazyflie ChibiOS}},
    publisher = {GitHub},
    howpublished = {\url{https://github.com/paparazzi/paparazzi/issues/3252#issuecomment-2031553762}}
}

@misc {
    chibios-paparazzi,
    author = {{Paparazzi Team}},
    title = {{Paparazzi Wiki -- RT Paparazzi}},
    publisher = {Paparazzi Team},
    howpublished = {\url{https://wiki.paparazziuav.org/wiki/RT_Paparazzi}}
}

@misc {
    bt-crazyflies,
    author = {Hurtado Flores, Angel},
    title = {{Control and coordination of Crazyflie drones | Bachelor's Thesis}},
    publisher = {GitHub},
    year = {2024},
    howpublished = {\url{https://github.com/Pelochus/bt-crazyflies}}
}

@misc {
    gvf-hector,
    author = {Garcia de Marina, Hector and Kapitanyuk, Yuri and Bronz, Murat and Hattenberger, Gautier and Cao, Ming},
    year = {2017},
    pages = {},
    title = {{Guidance algorithm for smooth trajectory tracking of a fixed wing UAV flying in wind flows}},
    doi = {10.1109/ICRA.2017.7989674}
}

@misc {
    tfm-jesus,
    author = {Bautista Villar, Jesús},
    year = {2023},
    pages = {},
    title = {Diseño e integración de sistemas de Guiado Navegación y Control para un enjambre de vehículos autónomos},
    howpublished = {\url{https://github.com/jesusBV20/MT-DATCOM/blob/main/pdf/TFM___DATCOM.pdf}}
}

@misc {
    indi-paparazzi,
    author = {{Paparazzi Team}},
    title = {{Working with INDI - PaparazziUAV}},
    publisher = {Paparazzi Wiki},
    howpublished = {\url{https://wiki.paparazziuav.org/wiki/Working_with_INDI}}
}

@misc {
    imu-wikipedia,
    author = {Wikipedia},
    title = {{Inertial Measurement Unit - Wikipedia}},
    year = {2024},
    publisher = {Wikipedia},
    howpublished = {\url{https://en.wikipedia.org/wiki/Inertial_measurement_unit}}
}

@misc {
    flow-deck,
    author = {Bitcraze},
    title = {{Flow Deck v2 Product Page}},
    year = {2020},
    publisher = {Bitcraze},
    howpublished = {\url{https://www.bitcraze.io/products/flow-deck-v2/}}
}

@inproceedings {
    circular-formations,
    author={de Marina, Hector Garcia and Sun, Zhiyong and Bronz, Murat and Hattenberger, Gautier},
    booktitle={2017 IEEE/RSJ International Conference on Intelligent Robots and Systems (IROS)}, 
    title={{Circular formation control of fixed-wing UAVs with constant speeds}}, 
    year={2017},
    volume={},
    number={},
    pages={5298-5303},
    keywords={Aircraft;Heuristic algorithms;Aerospace control;Algorithm design and analysis;Atmospheric modeling;Level set;Trajectory},
    doi={10.1109/IROS.2017.8206422}
}

@misc {
    atan2,
    author = {Wikipedia},
    title = {{atan2 - Two argument arctangent}},
    publisher = {Wikipedia},
    howpublished = {\url{https://en.wikipedia.org/wiki/Atan2}}
}

@misc {
    kuramoto-model,
    author = {Wikipedia},
    title = {{Modelo de Kuramoto}},
    publisher = {Wikipedia},
    howpublished = {\url{https://es.wikipedia.org/wiki/Modelo_de_Kuramoto}}
}

@misc {
    paparazzi-circular-formation,
    author = {{Paparazzi Team}},
    title = {{Guidance vector fields - Circular formations}},
    publisher = {Paparazzi UAV Wiki},
    howpublished = {\url{https://wiki.paparazziuav.org/wiki/Module/guidance_vector_field#Circular_formations_(centralized_from_the_GCS}}
}

@misc{
    cflib-examples,
    author = {{Bitcraze}},
    title = {{crazyflie-lib-python - Examples}},
    publisher = {{GitHub}},
    howpublished = {\url{https://github.com/bitcraze/crazyflie-lib-python/tree/master/examples}},
}

# TODO, will this be useful?
@misc {
    crazyradio-swarm-interface,
    author = {{Bitcraze}},
    title = {{Swarm Interface: cflib}},
    publisher = {Bitcraze},
    howpublished = {\url{https://www.bitcraze.io/documentation/repository/crazyflie-lib-python/master/user-guides/sbs_swarm_interface/}}
}

@misc {
    final-results,
    author = {{Ángel Hurtado Flores}},
    title = {{Presentación de Control y Coordinación de drones Crazyflie}},
    publisher = {GitHub},
    howpublished = {\url{https://github.com/Pelochus/bt-crazyflies/tree/main/docs/PowerPoint}}
}

@misc {
    crazyflie-debug,
    author = {{Bitcraze}},
    title = {{On-chip debugging for Crazyflie 2.1}},
    publisher = {Bitcraze},
    howpublished = {\url{https://www.bitcraze.io/documentation/repository/crazyflie-firmware/master/development/openocd_gdb_debugging/}}
}